<record><leader>00000cas a22000007a 4500</leader><controlfield tag="001">9709688</controlfield><controlfield tag="008">830716d18541892ohuwr ne      0    0eng d</controlfield><datafield ind1=" " ind2=" " tag="010"><subfield code="a">sn 83035363 </subfield></datafield><datafield ind1=" " ind2=" " tag="040"><subfield code="a">NPY</subfield><subfield code="b">eng</subfield><subfield code="c">NPY</subfield><subfield code="d">NPX</subfield><subfield code="d">NPA</subfield><subfield code="d">ONP</subfield><subfield code="d">OCLCQ</subfield></datafield><datafield ind1=" " ind2=" " tag="042"><subfield code="a">msc</subfield></datafield><datafield ind1="0" ind2="4" tag="245"><subfield code="a">The Oxford citizen.</subfield></datafield><datafield ind1=" " ind2=" " tag="260"><subfield code="a">Oxford, Ohio :</subfield><subfield code="b">Charles H. Bingham</subfield></datafield><datafield ind1=" " ind2=" " tag="300"><subfield code="a">v.</subfield></datafield><datafield ind1=" " ind2=" " tag="310"><subfield code="a">Weekly</subfield></datafield><datafield ind1="1" ind2=" " tag="362"><subfield code="a">Began with Dec. 19, 1854 issue; ceased in Oct. 1892.</subfield></datafield><datafield ind1=" " ind2=" " tag="500"><subfield code="a">Publishers: Charles H. Bingham, &lt;1857&gt;; Richard Butler, &lt;1863-1865&gt;.</subfield></datafield><datafield ind1=" " ind2=" " tag="500"><subfield code="a">Republican, &lt;1854&gt;-1875; Independent, 1876-1892. Cf. Gutgesell, S. Guide to Ohio newspapers.</subfield></datafield><datafield ind1=" " ind2=" " tag="588"><subfield code="a">Description based on: Vol. 2, no. 12 (Mar. 22, 1856) = whole no. 49.</subfield></datafield><datafield ind1=" " ind2=" " tag="752"><subfield code="a">United States</subfield><subfield code="b">Ohio</subfield><subfield code="c">Butler</subfield><subfield code="d">Oxford.</subfield></datafield><datafield ind1="0" ind2="7" tag="785"><subfield code="t">Oxford news (Oxford, Ohio : 1886)</subfield><subfield code="w">(DLC)sn 91069753</subfield></datafield><datafield ind1="0" ind2="7" tag="785"><subfield code="t">Oxford news-citizen</subfield><subfield code="w">(DLC)sn 88077330</subfield></datafield><datafield ind1="1" ind2=" " tag="029"><subfield code="a">AU@</subfield><subfield code="b">000025840912</subfield></datafield></record>